@article{XJAZF66ED91B3C17FD57CE17DAC785CBE4F2,
author = {dos Santos Elco Joao and Souza Richard Demo and Rebelatto Joao Luiz},
title = {Network Slicing for URLLC and eMBB With Max-Matching Diversity Channel Allocation},
journal = {IEEE Communications Letters},
volume = {24},
number = {3},
pages = {658-661},
year = {2020},
issn = {1089-7798},
}
@article{XJAZ380D796D0660E06028CF0A170485E808,
author = {Fossati Francesca and Moretti Stefano and Perny Patrice},
title = {Multi-Resource Allocation for Network Slicing},
journal = {IEEE/ACM Transactions on Networking},
volume = {28},
number = {3},
pages = {1-14},
year = {2020},
issn = {1063-6692},
}
@article{SSJDEBA60604345B90069821C30F1E772659,
author = {Prasitthichai Naronglerdrit and Manukid Parnichkun},
title = {Ga-based MPC for satellite’s attitude and orbit control},
journal = {Discover Applied Sciences},
volume = {7},
number = {8},
pages = {811-811},
year = {2025},
}
@article{SQLI61DDEA30245E94CD0FA7D647FA5A7B1E,
author = {Zhimei Tang},
title = {Real-time Urban Flood Management Using an Improved Genetic Algorithm-Assisted Model Predictive Control Approach},
journal = {World Scientific Research Journal},
volume = {11},
number = {6},
pages = {117-128},
year = {2025},
issn = {2472-3703},
}
@article{ZGDC201617011,
author = {董雷 and 陈卉 and 蒲天骄等},
title = {基于模型预测控制的主动配电网多时间尺度动态优化调度},
journal = {中国电机工程学报},
volume = {36},
number = {17},
pages = {4609-4617},
year = {2016},
issn = {0258-8013},
doi = {10.13334/j.0258-8013.pcsee.151262}
}
@article{XAJT20050300H,
author = {范虹 and 孟庆丰 and 张优云},
title = {用混合编码遗传算法实现匹配追踪算法},
journal = {西安交通大学学报},
number = {03},
pages = {295-299},
year = {2005},
issn = {0253-987X},
}
@article{BJLG202105005,
author = {管继富 and 赵宇枫 and 詹远等},
title = {电动汽车空调系统随机模型预测控制算法研究},
journal = {北京理工大学学报},
volume = {41},
number = {05},
pages = {480-486},
year = {2021},
issn = {1001-0645},
doi = {10.15918/j.tbit1001-0645.2020.091}
}
@article{JSJA2024S1161,
author = {黄飞 and 李永福 and 高杨等},
title = {基于改进遗传算法的家庭用电调度优化方法},
journal = {计算机科学},
volume = {51},
number = {S1},
pages = {1169-1174},
year = {2024},
issn = {1002-137X},
}
@article{DONG202508013,
author = {蓝琨凯 and 王玮 and 杨健等},
title = {基于自适应MPC的风电场多场景无功电压控制策略},
journal = {动力工程学报},
volume = {45},
number = {08},
pages = {1251-1260},
year = {2025},
issn = {1674-7607},
doi = {10.19805/j.cnki.jcspe.2025.240380}
}
@article{DATE202301013,
author = {李悦 and 任春莉 and 章国安},
title = {车联网中网络切片资源分配方案},
journal = {电讯技术},
volume = {63},
number = {01},
pages = {85-92},
year = {2023},
issn = {1001-893X},
doi = {10.20079/j.issn.1001-893x.211013004}
}
@article{TYLX202406019,
author = {罗政杰 and 任惠 and 辛国雨等},
title = {基于模型预测控制的高比例可再生能源电力系统多时间尺度动态可靠优化调度},
journal = {太阳能学报},
volume = {45},
number = {06},
pages = {150-160},
year = {2024},
issn = {0254-0096},
doi = {10.19912/j.0254-0096.tynxb.2023-0177}
}
@article{TXXB202305020,
author = {王再见 and 谷慧敏},
title = {基于联合优化的网络切片资源分配策略},
journal = {通信学报},
volume = {44},
number = {05},
pages = {234-245},
year = {2023},
issn = {1000-436X},
}
@article{ZGXJ202411011,
author = {应泽华 and 王立辉 and 顾炜琪等},
title = {基于改进模型预测控制的机器人自适应路径跟踪控制方法},
journal = {中国惯性技术学报},
volume = {32},
number = {11},
pages = {1142-1150},
year = {2024},
issn = {1005-6734},
doi = {10.13695/j.cnki.12-1222/o3.2024.11.011}
}